
@techreport{cap2:prf,
  title       = "Como escrever um bom relat√≥rio em LaTeX",
  author      = "Coutinho, Fernanda and Silva, Pascoal and Rodrigues, Rui",
  institution = "ISEC/IPC",
  address     = "Coimbra",
  year        = 2022,
  month       = nov
}
