
% Aqui pode encontrar alguns exemplos do vários tipos de referências. 
% Uma referência bibliográfica só aparece nas lista de referências bibliográficas se for citada no texto.
%A designação que aparece à frente de cada é custom e é a que tem de ser usada aquando da citação no corpo do documento.
% Um bom sistema de nomes internos para citações é o nome do primeiro autor do trabalho seguido pelo ano; o primeiro exemplo da lista exemplificativa seguinte utiliza esta sugestão.
%-----------------------------------------------

%artigo científico de um jornal ou revista
@article{Cohen:1963,
  author   = "P. J. Cohen",
  DOI= "10.1109/WFCS.2000.882558",
  title    = "The independence of the continuum hypothesis",
  journal  = "Proceedings of the National Academy of Sciences",
  year     = 1963,
  volume   = "50",
  number   = "6",
  pages    = "1143--1148",
}

% livro
@book{CitekeyBook,
  author    = "Leonard Susskind and George Hrabovsky",
  title     = "Classical mechanics: the theoretical minimum",
  publisher = "Penguin Random House",
  address   = "New York, NY",
  year      = 2014
}

% uma secção ou um conjunto de páginas de um livro
@inbook{CitekeyInbook,
  author    = "Lisa A. Urry and Michael L. Cain and Steven A. Wasserman and Peter V. Minorsky and Jane B. Reece",
  title     = "Photosynthesis",
  booktitle = "Campbell Biology",
  year      = "2016",
  publisher = "Pearson",
  address   = "New York, NY",
  pages     = "187--221"
}

% artigo publicado nos proceedings de um evento
@inproceedings{CitekeyInproceedings,
  author    = "Holleis, Paul and Wagner, Matthias and Koolwaaij, Johan",
  title     = "Studying mobile context-aware social services in the wild",
  booktitle = "Proceedings of the 6th Nordic Conference on Human-Computer Interaction",
  series    = "NordiCHI",
  year      = 2010,
  pages     = "207--216",
  publisher = "ACM",
  address   = "New York, NY"
}

% proceedings de um evento
@proceedings{CitekeyProceedings,
  editor    = "Susan Stepney and Sergey Verlan",
  title     = "Proceedings of the 17th International Conference on Computation and Natural Computation, Fontainebleau, France",
  series    = "Lecture Notes in Computer Science",
  volume    = "10867",
  publisher = "Springer",
  address   = "Cham, Switzerland",
  year      = 2018
}

% manual de um equiamento
@manual{CitekeyManual,
  title        = "{R}: A Language and Environment for Statistical Computing",
  author       = "{R Core Team}",
  organization = "R Foundation for Statistical Computing",
  address      = "Vienna, Austria",
  year         = 2018
}

%tese de mestrado
@mastersthesis{CitekeyMastersthesis,
  author  = "Jian Tang",
  title   = "Spin structure of the nucleon in the asymptotic limit",
  school  = "Massachusetts Institute of Technology",
  year    = 1996,
  address = "Cambridge, MA",
  month   = sep
}

% tese de doutoramento
@phdthesis{CitekeyPhdthesis,
  author  = "Rempel, Robert Charles",
  title   = "Relaxation Effects for Coupled Nuclear Spins",
  school  = "Stanford University",
  address = "Stanford, CA",
  year    = 1956,
  month   = jun
}

% relatório técnico
@techreport{CitekeyTechreport,
  title       = "{W}asatch {S}olar {P}roject Final Report",
  author      = "Bennett, Vicki and Bowman, Kate and Wright, Sarah",
  institution = "Salt Lake City Corporation",
  address     = "Salt Lake City, UT",
  number      = "DOE-SLC-6903-1",
  year        = 2018,
  month       = sep
}


% misc é usado quando nenhum dos anteriores se aplica
@misc{CitekeyMisc,
  title        = "Pluto: The 'Other' Red Planet",
  author       = "{NASA}",
  howpublished = "\url{https://www.nasa.gov/nh/pluto-the-other-red-planet}",
  year         = 2015,
  note         = "Accessed: 2018-12-06"
}
